@online{v206,
  title = {Versuch 206: Die WÃ¤rmepumpe},
  urldate = 2017-11-19,
  url ="http://129.217.224.2/HOMEPAGE/PHYSIKER/BACHELOR/AP/SKRIPT/V206.pdf"
}
